@misc{aggm_agid,
	title="{Austrian Gas Infrastructure Day (AGID)}",
	author="{Austrian Gas Grid Management AG (AGGM)}",
	year="2023",
	howpublished = "online available under: \url{https://www.aggm.at/en/network-information/network-developments-plans/ltp}"
}